@book{agresti2022foundations,
  author    = {Agresti, Alan and Kateri, Maria},
  title     = {Foundations of Statistics for Data Scientists: With R and Python},
  year      = {2022},
  publisher = {CRC Press}
}

@article{forrest2023binge,
  author    = {Forrest, Lindsay N. and Ivezaj, Valentina and Grilo, Carlos M.},
  title     = {Machine learning vs. traditional regression models predicting treatment outcomes for binge-eating disorder from a randomized controlled trial},
  journal   = {Psychological Medicine},
  volume    = {53},
  number    = {7},
  pages     = {2777--2788},
  year      = {2023},
  doi       = {10.1017/S0033291721004748}
}

@article{ghosh2024eating,
  author    = {Ghosh, Sreejita and Burger, Pia and Simeunovic-Ostojic, Mladena and Maas, Joyce and Petković, Milan},
  title     = {Review of machine learning solutions for eating disorders},
  journal   = {International Journal of Medical Informatics},
  volume    = {189},
  pages     = {105526},
  year      = {2024},
  doi       = {10.1016/j.ijmedinf.2024.105526}
}

@book{kuhn2016applied,
  author    = {Kuhn, Max and Johnson, Kjell},
  title     = {Applied Predictive Modeling},
  year      = {2016},
  publisher = {Springer},
  doi       = {10.1007/978-1-4614-6849-3}
}

@misc{owid2023mental,
  author    = {{Our World in Data}},
  title     = {Mental Health},
  year      = {2023},
  url       = {https://ourworldindata.org/mental-health},
  note      = {Accessed June 21, 2025}
}

@article{patel2018lancet,
  author    = {Patel, Vikram and Saxena, Shekhar and Lund, Crick and Thornicroft, Graham and Baingana, Florence and Bolton, Paul and Unützer, Jürgen},
  title     = {The Lancet Commission on global mental health and sustainable development},
  journal   = {The Lancet},
  volume    = {392},
  number    = {10157},
  pages     = {1553--1598},
  year      = {2018},
  doi       = {10.1016/S0140-6736(18)31612-X}
}

@misc{who2023uhc,
  author    = {{World Health Organization}},
  title     = {Universal Health Coverage (UHC)},
  year      = {2023},
  url       = {https://www.who.int/news-room/fact-sheets/detail/universal-health-coverage-(uhc)},
  note      = {Accessed June 21, 2025}
}
@book{agresti2022foundations,
  author    = {Agresti, Alan and Kateri, Maria},
  title     = {Foundations of Statistics for Data Scientists: With R and Python},
  year      = {2022},
  publisher = {CRC Press}
}

@article{forrest2023binge,
  author    = {Forrest, Lindsay N. and Ivezaj, Valentina and Grilo, Carlos M.},
  title     = {Machine learning vs. traditional regression models predicting treatment outcomes for binge-eating disorder from a randomized controlled trial},
  journal   = {Psychological Medicine},
  volume    = {53},
  number    = {7},
  pages     = {2777--2788},
  year      = {2023},
  doi       = {10.1017/S0033291721004748}
}

@article{ghosh2024eating,
  author    = {Ghosh, Sreejita and Burger, Pia and Simeunovic-Ostojic, Mladena and Maas, Joyce and Petković, Milan},
  title     = {Review of machine learning solutions for eating disorders},
  journal   = {International Journal of Medical Informatics},
  volume    = {189},
  pages     = {105526},
  year      = {2024},
  doi       = {10.1016/j.ijmedinf.2024.105526}
}

@book{kuhn2016applied,
  author    = {Kuhn, Max and Johnson, Kjell},
  title     = {Applied Predictive Modeling},
  year      = {2016},
  publisher = {Springer},
  doi       = {10.1007/978-1-4614-6849-3}
}

@misc{owid2023mental,
  author    = {{Our World in Data}},
  title     = {Mental Health},
  year      = {2023},
  url       = {https://ourworldindata.org/mental-health},
  note      = {Accessed June 21, 2025}
}

@article{patel2018lancet,
  author    = {Patel, Vikram and Saxena, Shekhar and Lund, Crick and Thornicroft, Graham and Baingana, Florence and Bolton, Paul and Unützer, Jürgen},
  title     = {The Lancet Commission on global mental health and sustainable development},
  journal   = {The Lancet},
  volume    = {392},
  number    = {10157},
  pages     = {1553--1598},
  year      = {2018},
  doi       = {10.1016/S0140-6736(18)31612-X}
}

@misc{who2023uhc,
  author    = {{World Health Organization}},
  title     = {Universal Health Coverage (UHC)},
  year      = {2023},
  url       = {https://www.who.int/news-room/fact-sheets/detail/universal-health-coverage-(uhc)},
  note      = {Accessed June 21, 2025}
}

@article{svr,
author = {Drucker, Harris and Burges, Christopher and Kaufman, Linda and Smola, Alexander and Vapnik, V.},
year = {1997},
month = {01},
pages = {779-784},
title = {Support vector regression machines},
volume = {28},
journal = {Adv Neural Inform Process Syst}
}

@book{agresti2022foundations,
  author    = {Agresti, Alan and Kateri, Maria},
  title     = {Foundations of Statistics for Data Scientists: With R and Python},
  publisher = {CRC Press},
  year      = {2022}
}

@article{forrest2023machine,
  author  = {Forrest, Lauren N. and Ivezaj, Valentina and Grilo, Carlos M.},
  title   = {Machine learning vs. traditional regression models predicting treatment outcomes for binge-eating disorder from a randomized controlled trial},
  journal = {Psychological Medicine},
  volume  = {53},
  number  = {7},
  pages   = {2777--2788},
  year    = {2023},
  doi     = {10.1017/S0033291721004748}
}

@article{ghosh2024review,
  author  = {Ghosh, Sagnik and Burger, Paul and Simeunovic-Ostojic, Milica and Maas, Jan and Petković, Maja},
  title   = {Review of machine learning solutions for eating disorders},
  journal = {International Journal of Medical Informatics},
  volume  = {189},
  pages   = {105526},
  year    = {2024},
  doi     = {10.1016/j.ijmedinf.2024.105526}
}

@book{kuhn2016applied,
  author    = {Kuhn, Max and Johnson, Kjell},
  title     = {Applied Predictive Modeling},
  publisher = {Springer},
  year      = {2016},
  doi       = {10.1007/978-1-4614-6849-3}
}

@misc{owid2023mentalhealth,
  author       = {{Our World in Data}},
  title        = {Mental health},
  year         = {2023},
  howpublished = {\url{https://ourworldindata.org/mental-health}}
}

@article{patel2018lancet,
  author  = {Patel, Vikram and Saxena, Shekhar and Lund, Crick and Thornicroft, Graham and Baingana, Florence and Bolton, Paul and Unützer, Jürgen},
  title   = {The Lancet Commission on global mental health and sustainable development},
  journal = {The Lancet},
  volume  = {392},
  number  = {10157},
  pages   = {1553--1598},
  year    = {2018},
  doi     = {10.1016/S0140-6736(18)31612-X}
}

@misc{prebys_nodate,
  author       = {{Prebys Foundation}},
  title        = {Dr. Razel Bacuetes Milo},
  howpublished = {\url{https://www.prebysfdn.org/folder-prebys-research-heroes/dr-razel-bacuetes-milo}},
  note         = {n.d.}
}

@misc{who2023uhc,
  author       = {{World Health Organization}},
  title        = {Universal health coverage (UHC)},
  year         = {2023},
  howpublished = {\url{https://www.who.int/news-room/fact-sheets/detail/universal-health-coverage-(uhc)}}
}
